@BOOK{Smith:2012qr,
    title = {{B}ook {T}itle},
    publisher = {Publisher},
    author = {Smith, J.~M. and Jones, A.~B.},
    year = {2012},
    edition = {7th},
}

@ARTICLE{Smith:2013jd,
    author = {Jones, A.~B. and Smith, J.~M.},
    title = {{A}rticle {T}itle},
    journal = {Journal title},
    year = {2013},
    volume = {13},
    pages = {123-456},
    number = {52},
    month = {March},
    publisher = {Publisher}
}

@ONLINE{ciberiun,
author = {Fabbri, R.},
title = {Nuvens cognitivas e a unificação da espécie humana},
month = Out,
year = {2013},
url = {http://wiki.nosdigitais.teia.org.br/Cyberiun}
}


@ONLINE{ars,
author = {R. Fabbri et al.},
title = {Análise de Redes Sociais - página com galerias e direções gerais},
month = Out,
year = {2013},
url = {http://wiki.nosdigitais.teia.org.br/ARS}
}

@ONLINE{rc1,
    author = {R. Fabbri et al.},
    title = {Stability in human interaction networks: primitive typology of vertex,
prominance of measures and activity statistics
},
    journal = {arXiv (not latest)},
    year = {2014},
    month = {May},
    publisher = {Sourceforge git repo},
    url={http://sourceforge.net/p/labmacambira/fimDoMundo/ci/master/tree/textos/evolutionSN/paper.pdf?format=raw}
}

@ARTICLE{rc2,
    author = {R. Fabbri et al.},
    title = {A connective differentiation of textual production in interaction networks},
    journal = {Sourceforge},
    year = {2014},
    url={http://sourceforge.net/p/labmacambira/fimDoMundo/ci/master/tree/textos/IntNetText/ACM/paper.pdf?format=raw}
}

@manual{repoProd4,
    title = {Repositório Git do produto 4: documento e scripts},
    note = {https://github.com/ttm/pnud4}
}

@manual{pnud4,
    title = {Produto 4 da consultoria PNUD/ONU de Renato Fabbri},
    note = {https://github.com/ttm/pnud4/blob/master/latex/produto.pdf?raw=true}
}
@manual{pnud5,
    title = {Produto 5 da consultoria PNUD/ONU de Renato Fabbri},
    note = {https://github.com/ttm/pnud4/blob/master/latex/produto.pdf?raw=true}
}


@manual{pnud3,
    title = {Produto 3 da consultoria PNUD/ONU de Renato Fabbri},
    note = {https://github.com/ttm/pnud3/blob/master/latex/produto.pdf?raw=true}
}

@article{OPS,
    title = {Ontologia de Participação Social},
  note = {http://tinyurl.com/p2doueu}
}
@article{OPA,
    title = {Ontologia do Participa},
  note= {http://tinyurl.com/lcccwop}
}

@misc{ocupagov,
  title = {Telões de streaming de estruturas sociais para o \#ocupaGOV},
  howpublished = {\url{http://ocupagov.meteor.com}},
  note = {Acessado: 2014-Dez-16}
}

@misc{mmissa,
  title = {MMISSA: Monitoramento Massivo e Interativo da Sociedade pela Sociedade para Aproveitamento},
  howpublished = {\url{http://mmissa.meteor.com}},
  note = {Acessado: 2014-Dez-16}
}
@misc{mm,
  title = {versão para música da MMISSA: Monitoramento Massivo e Interativo da Sociedade pela Sociedade para Aproveitamento},
  howpublished = {\url{http://mm.meteor.com}},
  note = {Acessado: 2014-Dez-16}
}
@misc{mmissa2,
  title = {código geral da MMISSA: Monitoramento Massivo e Interativo da Sociedade pela Sociedade para Aproveitamento},
  howpublished = {\url{https://github.com/ttm/indicadores-participativos}},
  note = {Acessado: 2014-Dez-16}
}
@misc{mynsa,
  title = {mynsa},
  howpublished = {\url{https://github.com/ttm/aars}},
  note = {Acessado: 2014-Dez-16}
}
@misc{codTelao,
  title = {Código dos telões para streaming de estruturas sociais},
  howpublished = {\url{https://github.com/ttm/indicadores-participativos/tree/master/meteorfront/ex5}},
  note = {Acessado: 2014-Dez-16}
}

